
@misc{igrejaMultiplicVisaoSite,
	title = {Visão de {Igreja} {Multiplicadora} – {Igreja} {Multiplicadora}},
	url = {https://igrejamultiplicadora.org.br/new/visao-de-igreja-multiplicadora/},
	language = {pt-BR},
	urldate = {2021-05-24},
	year = {2021},
	file = {Snapshot:/Users/gabrielkalil/Zotero/storage/K7XLT2TP/visao-de-igreja-multiplicadora.html:text/html},
}

@book{green,
	title = {Evangelização na igreja primitiva},
	abstract = {Cinquenta anos após sua publicação, Evangelização na igreja primitiva tornou-se um clássico ao proporcionar um olhar abrangente sobre os métodos usados pelos primeiros cristãos — desde o período do Novo Testamento até o terceiro século — para divulgar as boas notícias ao redor do mundo.Ao descrever a vida da igreja primitiva, Michael Green explora aspectos fundamentais (métodos, motivações e estratégias) da tarefa evangelística que ainda permanecem aplicáveis ao trabalho de propagar as boas-novas. Ao longo dos dez capítulos desta segunda edição, o autor avalia os pontos fortes e fracos das abordagens evangelísticas dos primeiros cristãos e trata dos obstáculos ao evangelismo nesse contexto, usando as missões aos gentios e aos judeus como exemplos de desafios diferentes à proclamação do evangelho.},
	language = {Português},
	publisher = {Vida Nova},
	author = {Green, Michael},
	month = jan,
	year = {2020},
}

@book{stott,
	edition = {Revised edition},
	title = {The {Message} of {Acts}},
	abstract = {The Spirit moves the church into the world. That is how it has always been since the day of Pentecost, when the Spirit brought thousands from many countries into the body of Christ. With the breadth and scholarly care that marked John Stott's years of ministry, this revised Bible Speaks Today volume opens to us the early days of the church as recorded by Luke in the book of Acts. The experiences of the early church have much to say about issues that concern Christians today. What can Acts tell us about tongues and other extraordinary manifestations of the Spirit? How should churches structure themselves―with elders, deacons, pastors or all three? What should a normal Christian conversion look like? And, of course, how should the church reach out into the world with the message of salvation?This revised edition of a classic Bible Speaks Today volume features lightly updated language, current NIV Scripture quotations and a new interior design. A study guide at the end of the book will help you more deeply ponder the message of Acts and how it speaks to your life.},
	language = {English},
	publisher = {IVP Academic},
	author = {Stott, John},
	month = dec,
	year = {2020},
}

@book{zac,
	edition = {2º edição},
	title = {Manual de {Teologia} {Sistemática}: {Edição} {Revista} e {Ampliada}},
	shorttitle = {Manual de {Teologia} {Sistemática}},
	abstract = {Este completo manual apresenta a definição, bem como a distinção do que é Teologia e sua inegável importância. Traz também conceitos e a necessidade da revelação, a autoridade da Escritura Sagrada bem como sua divina inspiração. Aborda de forma detalhada a Doutrina de Deus, a Trindade Divina, As Obras de Deus, Os Anjos, a Doutrina do Homem, a Doutrina do Pecado, a Doutrina de Cristo, Doutrina da Salvação e a do Espírito Santo, a Doutrina da Igreja e ainda a Doutrina das Últimas Coisas.  Inegavelmente é a obra mais utilizada por teólogos e estudantes de teologia pela sua praticidade e abrangência.},
	language = {Português},
	publisher = {AD Santos Editora},
	author = {Severa, Zacarias de Aguiar},
	month = mar,
	year = {2016},
}

@book{bavinck,
	edition = {Edition ed.},
	title = {Reformed {Dogmatics}: {Abridged} in {One} {Volume}},
	shorttitle = {Reformed {Dogmatics}},
	abstract = {Herman Bavinck's four-volume Reformed Dogmatics is one of the most important theological works of the twentieth century. The recently completed English translation has received wide acclaim. Now John Bolt, one of the world's leading experts on Bavinck and editor of Bavinck's four-volume set, has abridged the work in one volume, offering students, pastors, and lay readers an accessible summary of Bavinck's masterwork. This volume presents the core of Bavinck's thought and offers explanatory materials, making available to a wider audience some of the finest Dutch Reformed theology ever written.Praise for Reformed Dogmatics"Bavinck's magisterial Reformed Dogmatics remains after a century the supreme achievement of its kind."--J. I. Packer, Regent College},
	language = {English},
	publisher = {Baker Academic},
	author = {Bavinck, Herman},
	editor = {Bolt, John},
	month = jun,
	year = {2011},
}

@book{berkhof,
	title = {Systematic {Theology}},
	abstract = {Completely updated with a new introduction and preface, Berkhofs Systematic Theology now treats the essential subjects of theological prolegomena that were lacking in earlier editions: the nature and character of dogmatics, the methods and history of the},
	language = {English},
	publisher = {Wm. B. Eerdmans Publishing},
	author = {Berkhof, Louis},
	month = nov,
	year = {2011},
}

@book{stetzer,
	edition = {2nd edition},
	title = {Planting {Missional} {Churches}: {Your} {Guide} to {Starting} {Churches} that {Multiply}},
	shorttitle = {Planting {Missional} {Churches}},
	abstract = {Planting a church is one of the most exciting adventures you’ll ever embark on. It’s also one of the hardest. It requires initiative, leadership, strategy, systems, and a lot of prayer. In this second edition of Planting Missional Churches, not only will you find a completely redesigned book with new content in every single chapter, but you will also find several new chapters on topics such as church multiplication, residencies, multi-ethnic ministry, multisite, denominations and networks, and spiritual leadership. So if you’re planting a church, be prepared. Use this book as a guide to build the needed ministry areas so that you can multiply over and over again. For additional resources visit www.newchurches.com/PMC.},
	language = {English},
	publisher = {B\&H Academic},
	author = {Stetzer, Ed and Im, Daniel},
	month = may,
	year = {2016},
}

@book{brandao,
	edition = {2º edição},
	title = {Igreja {Multiplicadora}: 5 {PRINCÍPIOS} {BÍBLICOS} {PARA} {CRESCIMENTO}},
	shorttitle = {Igreja {Multiplicadora}},
	abstract = {A missão que os discípulos receberam do Senhor Jesus foi clara e objetiva: fazer o maior número de discípulos de todas as nações, de Jerusalém até os confins da terra, enquanto Ele não retornasse para buscar a sua igreja no grande dia da sua volta triunfal.Em Atos 1.8, o Senhor Jesus explicita de forma contundente o que o Espírito Santo iria fazer e o que Ele esperava de cada discípulo. O Espírito Santo daria poder e os discípulos testemunhariam. O testemunho do crente seria uma consequência natural do poder do Espírito Santo em sua vida. Nenhuma oposição humana ou diabólica poderia impedir o avanço desse movimento de multiplicação de discípulos em todo o planeta Terra, pois o Espírito de Deus é quem estaria no controle de tudo. Essa combinação do poder de Deus e do testemunho dos cristãos mudaria para sempre a história da humanidade. Esse rastilho de pólvora aceso em Jerusalém incendiaria o mundo e chegaria até nós. Do início da igreja em Jerusalém até os nossos dias muitas coisas mudaram. Estamos em um contexto inimaginável para uma pessoa que viveu há dois mil anos. Os tempos são outros. Os cenários e as culturas sofreram mudanças profundas. Mas será que os princípios estratégicos usados pelo Espírito Santo para o crescimento e expansão da igreja naqueles dias foram superados? Creio que não!Então, qual era a chave dessa estratégia poderosa que impactou e transformou tantas vidas em tão pouco tempo e proporcionou um crescimento exponencial à igreja? Se investigarmos bem o Novo Testamento, veremos no dia a dia dos discípulos que tudo girava em torno de cinco princípios estratégicos: oração sem cessar, evangelização discipuladora, plantação de igrejas, formação de líderes multiplicadores e compaixão e graça. Com base nestes cinco princípios, Missões Nacionais desenvolveu um conjunto de estratégias que resultou no livro que você tem em mãos. Foram anos de trabalho, envolvendo muitos missionários e suas experiências de campo, igrejas, pastores e parceiros que contribuíram direta e indiretamente na estruturação de todo o material. Algumas estratégias usadas no passado por Missões Nacionais foram contextualizadas, mas os princípios continuaram os mesmos.Uma delas foi a dos Núcleos de Estudos Bíblicos – NEBs, que na década de 80, dentro do Plano Nacional de Evangelização – PNE, foram uma importante ferramenta para o crescimento da igreja. Agora, eles se transformaram em Pequenos Grupos Multiplicadores, como você verá no Capítulo de Evangelização Discipuladora.“Não há nada novo debaixo do sol” (Eclesiastes 1.9b). Isso é pura verdade. A questão é colocar em prática os princípios multiplicadores de forma perseverante e determinada. Às vezes, queremos que a igreja cresça sem trabalho árduo, disciplina e perseverança. Muitas são as estratégias disponíveis em nossos dias, mas colocá-las em prática é a grande dificuldade para muitos lideres.Multiplicar o número de discípulos e igrejas, orar sem cessar, formar e capacitar  novos líderes e ser relevante para a comunidade agindo com compaixão são prioridades no cumprimento da missão da igreja local que precisam estar no planejamento dos líderes da igreja do Senhor Jesus. Obviamente isso tudo dá muito trabalho, mas como diz o apóstolo Paulo em 1 Coríntios 15.58, “Portanto, meus amados irmãos, sede firmes e constantes, sempre atuantes na obra do Senhor, sabendo que nele o vosso trabalho não é inútil”.A Visão de Igreja Multiplicadora não é um modelo de igreja, mas uma visão de multiplicação intencional baseada em cinco princípios da igreja no Novo Testamento e que busca fazer o maior número de discípulos até a volta do Senhor Jesus, servindo tanto para igrejas estabelecidas quanto para o início de um novo trabalho.Estamos numa guerra intensa contra aquele que veio para matar, roubar e destruir. O diabo não quer que a igreja se multiplique. Por isso, o trabalho nunca será fácil. Muitos líderes desistem no meio da jornada e se conformam com as “justificativas” para o n},
	language = {Português},
	publisher = {Convicção Editora},
	author = {BRANDÃO, FERNANDO},
	year = {2014},
}

@book{martins,
	edition = {2º edição},
	title = {Você não precisa de um chamado missionário},
	abstract = {Homens e mulheres das mais variadas idades e igrejas sofrem com um problema muito parecido, a saber, a incerteza quanto ao chamado de Deus. Muitos ficam desesperados, esperando que alguma manifestação divina, alguma profecia ou algum anjo de luz lhes diga em que dedicar suas vidas.De modo claro e libertador, Yago Martins vai na raíz das motivações da obra evangelística, mostrando as compreensões que mudaram sua vida e transformaram um garoto tímido em um apaixonado por evangelismo. Você não precisa de um chamado missionário já abençoou muitas pessoas como pregações e em sua primeira edição e agora lançamos a segunda edição desta obra para a glória de Deus e a edificação da igreja.},
	language = {Português},
	publisher = {Editora Concílio},
	author = {Martins, Yago and Braga, Norma},
	year = {2016},
}

@article{shirley,
	title = {It takes a church to make a disciple: an integrative model of discipleship for the church},
	volume = {50},
	url = {https://swbtsv7.s3.amazonaws.com/media/Theology_Journal/50.2/50.2_Shirley.pdf},
	number = {Number 2},
	journal = {Southwestern Journal of Theology},
	author = {Shirley, Chris},
	year = {2008},
}

@book{wilkins,
	title = {Following the {Master}: {A} {Biblical} {Theology} of {Discipleship}},
	shorttitle = {Following the {Master}},
	abstract = {In the aftermath of the waves of discipleship programs that have swept over the church in the last 30 years, clergy, and laypersons alike are more confused than ever about what it means to be a disciple of Jesus Christ.  What should a disciple of Jesus look and act like today?  What is the relationship between discipleship and salvation, between discipleship and sanctification, between discipleship and ministry?  How were disciples of Jesus different from other disciples in the ancient world?  How did the early church carry out Jesus' agenda in "making disciples of all the nations"?  In Following the Master, Michael J. Wilkins addresses these and many other questions that perplex the church today- not by offering another discipleship program or manual but by presenting a comprehensive biblical theology of discipleship.  Following the Master compares other forms of master-disciple relationships in existence in the ancient Judaism and Greco-Roman world, traces Jesus' steps as he called and developed disciples, and Mediterranean world as it followed Jesus' command to make disciples.  Following the Master lays the groundwork necessary for developing biblical discipleship ministries in the church, on the mission field, and in parachurch ministries.  It is essential reading for all pastors, students, and Christian workers.},
	language = {English},
	publisher = {Zondervan},
	author = {Wilkins, Michael J.},
	month = jun,
	year = {2010},
}

@book{gtsm,
	address = {Wheaton, Ill},
	edition = {1st edition},
	title = {Growing {Toward} {Spiritual} {Maturity}},
	isbn = {978-0-910566-45-2},
	abstract = {A strategy for growing toward Christlikeness must be based on the actual ways that people grow and develop into maturity in Christ. Through identifying and understanding how we grow spiritually, this course will help you become more intentional in Bible study, prayer, lifestyle choices, evangelism, and spiritual gifts. Gary C. Newton, 96 pages, paper, ISBN 1-910566-45-3 Table of Contents Introduction The Dynamics of Spiritual Growth Becoming a Disciple of Jesus Christ The Church’s Role in Making Disciples Feasting on the Word Developing Intimacy With God Establishing and Reaching Others for Christ Fruitfulness and Reaching Others for Christ Discovering and Using Our Spiritual Gifts Teaching Others Leading Others Mentoring Others Being a Lifelong Learner},
	language = {English},
	publisher = {Evangelical Training Association},
	author = {Newton, Gary C. and Association, Evangelical Training},
	month = oct,
	year = {2014},
}

@book{freitas,
	title = {De volta aos princípios},
	author = {Freitas, Fabrício},
	year = {2016},
}

@book{iom2020,
	address = {Geneva},
	title = {World migration report 2020},
	isbn = {978-92-9068-789-4},
	abstract = {This volume builds on the previous report, the 2018 edition, by providing updated migration statistics at the global and regional levels as well as descriptive analysis of complex migration issues. Part I, on key data and information on migration and migrants, includes chapters on global migration trends and patterns, regional dimensions and developments and a discussion of recent contributions to migration research and analysis by both academia and organizations, including IOM. The chapters in Part II cover a range of complex and emerging migration issues including: migrants' contributions to societies; migration, inclusion and social cohesion; migration and health; children and unsafe migration; migration and adaptation to environmental change; migrants caught in crises and recent developments in global migration governance.},
	language = {English},
	publisher = {IOM},
	author = {McAuliffe, Marie and Khadria, Binod and Bauloz, Céline},
	year = {2019},
	note = {OCLC: 1200352799},
}

@misc{world_bank_country_lending_groups,
	title = {World {Bank} {Country} and {Lending} {Groups} – {World} {Bank} {Data} {Help} {Desk}},
	url = {https://datahelpdesk.worldbank.org/knowledgebase/articles/906519-world-bank-country-and-lending-groups},
	urldate = {2021-05-25},
	author = {bamf},
	year = {2021},
	file = {World Bank Country and Lending Groups – World Bank Data Help Desk:/Users/gabrielkalil/Zotero/storage/J9NYJJHL/906519-world-bank-country-and-lending-groups.html:text/html},
}

@book{braziel,
	address = {Malden, MA},
	series = {Keyworks in cultural studies},
	title = {Theorizing diaspora: a reader},
	isbn = {978-0-631-23391-6 978-0-631-23392-3},
	shorttitle = {Theorizing diaspora},
	number = {6},
	publisher = {Blackwell Pub},
	editor = {Braziel, Jana Evans and Mannur, Anita},
	year = {2003},
	keywords = {20th century, Emigration and immigration, History, Population geography, Refugees},
}

@article{reis,
	title = {Theorizing diaspora: {Perspectives} on “{Classical}” and “{Contemporary}” diaspora},
	volume = {42},
	doi = {10.1111/j.0020-7985.2004.00280.x},
	journal = {International Migration},
	author = {Reis, Michele},
	month = jun,
	year = {2004},
	pages = {41 -- 60},
}

@book{wan_diaspora_2011,
	address = {Portland, Or.},
	title = {Diaspora missiology: theory, methodology, and practice},
	isbn = {978-1-4681-1745-5},
	shorttitle = {Diaspora missiology},
	abstract = {"This book is an interdisciplinary study of the 21st century demographic reality that led to the development of "diaspora missiology" as a new missiological paradigm, and the need to practice "diaspora missions" as a new mission strategy. This book is an introductory study on the theory, methodology, and practice of "diaspora missiology.""--Back cover.},
	language = {English},
	publisher = {Institute of Diaspora Studies : Western Seminary},
	author = {Wan, Enoch Yee-nock},
	year = {2011},
	note = {OCLC: 809384636},
}

@techreport{chiswick_high_2005,
	address = {Rochester, NY},
	type = {{SSRN} {Scholarly} {Paper}},
	title = {High {Skilled} {Immigration} in the {International} {Arena}},
	url = {https://papers.ssrn.com/abstract=826389},
	abstract = {This conceptual paper, prepared for a United Nations Expert Group Meeting on Migration and Development, is concerned with the international mobility of high-skilled workers, previously referred to as the "brain drain". After discussing the historical background of high-skilled international migration, the paper examines the reasons for the recent growth in demand for high-skilled workers in the technologically advanced nations. If then examines the impact of high-skilled migration on the level and distribution of income in the destinations. The causes and consequences of high-skilled emigration from the perspective of the origins or sending countries are examined. Educational finance and taxing policies that encourage emigration, emigrant remittances, and the "brain gain" from returning emigrants are discussed. Alternative public policies are considered.},
	language = {en},
	number = {ID 826389},
	urldate = {2021-05-25},
	institution = {Social Science Research Network},
	author = {Chiswick, Barry R.},
	month = sep,
	year = {2005},
	keywords = {economic development, high skilled workers, immigration},
	file = {Snapshot:/Users/gabrielkalil/Zotero/storage/FDWPPKUY/papers.html:text/html},
}

@techreport{bauer_demand_2004,
	address = {Rochester, NY},
	type = {{SSRN} {Scholarly} {Paper}},
	title = {The {Demand} for {High}-{Skilled} {Workers} and {Immigration} {Policy}},
	url = {https://papers.ssrn.com/abstract=500902},
	abstract = {This paper provides a descriptive analysis of the demand for high-skilled workers using a new firm data set, the IZA International Employer Survey 2000. Our results suggest that while workers from EU-countries are mainly complements to domestic high-skilled workers, workers from non-EU countries are hired because of a shortage of high-skilled labour. The paper, furthermore, provides a short description of recent German policy initiatives regarding the temporary immigration of high-skilled labour. In view of our descriptive results these temporary immigration policies seem, however, to satisfy only partly the demand of firms interested in recruiting foreign high-skilled workers. A more comprehensive immigration policy covering also the permanent immigration of high-skilled workers appears to be necessary.},
	language = {en},
	number = {ID 500902},
	urldate = {2021-05-25},
	institution = {Social Science Research Network},
	author = {Bauer, Thomas K. and Kunze, Astrid},
	month = jan,
	year = {2004},
	keywords = {high-skilled workers, IZA employer survey, migration},
	file = {Snapshot:/Users/gabrielkalil/Zotero/storage/YPJDMLVY/papers.html:text/html},
}

@misc{bamf,
	title = {Figures on the {EU} {Blue} {Card}},
	url = {https://www.BAMF.de/EN/Themen/Statistik/BlaueKarteEU/blauekarteeu-node.html},
	abstract = {The EU Blue Card is a tool for attracting highly-qualified specialists to the European labour market from third countries. This residence title was introduced in Germany on 1 August 2012. Its legal foundation is provided by section 19a of the Residence Act (Aufenthaltsgesetz – AufenthG).},
	language = {en},
	urldate = {2021-05-25},
	journal = {BAMF - Bundesamt für Migration und Flüchtlinge},
	year = {2021},
	file = {Snapshot:/Users/gabrielkalil/Zotero/storage/J73A8I4S/blauekarteeu-node.html\;jsessionid=3393D0977BD846EA19737E6762FB3EF0.html:text/html},
}

@book{wright_missao_2012,
	edition = {1},
	title = {A {Missão} do {Povo} de {Deus}. {Uma} {Teologia} {Bíblica} da {Missão} da {Igreja}},
	isbn = {85-275-0493-6},
	publisher = {Vida Nova},
	author = {Wright, Christopher J. H.},
	year = {2012},
}
